@article{fakename03,
  author  = "Jaques Fakename",
  title   = "On the importance of being earnest",
  journal = "Proceedings of the Society of Strange Fellows",
  volume  = "34",
  number  = "3",
  pages   = "131--150",
  year    = "2003",
  month   = "January",
  note    = "MR12345",
}

@book{lasname05,
  author    = "Frida Lasname and Jaques Fakename",
  title     = "My pokemans, let me show you them",
  publisher = "Derrida",
  year      = "2005",
  note      = "ISBN13:123123123",
}
